@article{DLS78,
  author={DeMillo, R.A. and Lipton, R.J. and Sayward, F.G.},
  journal={IEEE Computer},
  title={Hints on Test Data Selection: Help for the Practicing Programmer},
  year={1978},
  month={Apr.},
  volume={11},
  number={4},
  pages={34--41}
}

@inproceedings{OAL06,
  author={Offutt, J. and Ammann, P. and Liu, L.},
  booktitle={Proc. of the 2nd Work. on Mutation Analysis (Mutation 2006)},
  pages={12},
  month={Nov.},
  title={Mutation Testing Implements Grammar-Based Testing},
  year={2006}
}

@article{JH10,
  author={Jia, Y. and Harman, M.},
  journal={IEEE Trans. on Soft. Eng.},
  title={An Analysis and Survey of the Development of Mutation Testing},
  year={2011},
  month={Sep.--Oct.},
  volume={37},
  number={5},
  pages={649--678}
}

@inproceedings{DM96,
  title={Proteum -- A Tool for the Assessment of Test Adequacy for {C} Programs},
  booktitle={Proc. of the Conf. on Performability in Computing Sys. (PCS'96)},
  author={Delamaro, M.E. and Maldonado, J.C.},
  year={1996},
  number={SERC-TR-168-P},
  pages={79--95}
}

@inproceedings{JH08,
  author={Jia, Y. and Harman, M.},
  booktitle={Testing: Academic \& Industrial Conf. -- Practice and Research Techniques (TAIC PART 2008)},
  title={{MILU}: A Customizable, Runtime-Optimized Higher Order Mutation Testing Tool for the Full {C} Language},
  year={2008},
  pages={94--98}
}

@article{KO91,
  author={King, K.N. and Offutt, A.J.},
  title={A {Fortran} language system for mutation-based software testing},
  pages={685--718},
  journal={Software: Practice and Experience},
  volume={21},
  number={7},
  year={1991}
}

@inproceedings{MKO02,
  author={Ma, Y.S. and Kwon, Y.R and Offutt, J.},
  title={Inter-Class Mutation Operators for {Java}},
  booktitle={Proc. of the 13th Int. Symp. on Soft. Reliability Eng. (ISSRE 2002)},
  year={2002},
  pages={352--363}
}

@inproceedings{BCD06,
  author={Bradbury, J.S. and Cordy, J.R. and Dingel, J.},
  booktitle={Proc. of the 2nd Work. on Mutation Analysis (Mutation 2006)},
  pages={83--92},
  title={Mutation Operators for Concurrent {Java} ({J2SE 5.0})},
  year={2006},
  month={Nov.}
}

@inproceedings{ABM98,
  author={Ammann, P.E and Black, P.E. and Majurski, W.},
  booktitle={Proc. of the 2nd IEEE Int. Conf. on Formal Eng. Methods (ICFEM'98)},
  pages={46--54},
  title={Using model checking to generate tests from specifications},
  month={Dec.},
  year={1998}
}

@article{AE09,
  author={Abraham, R and Erwig, M},
  journal={IEEE Trans. on Soft. Eng.},
  number={1},
  pages={94--108},
  title={Mutation Operators for Spreadsheets},
  volume={35},
  year={2009},
  month={Jan.--Feb.}
}

@inproceedings{OU01,
  title={Mutation 2000: uniting the orthogonal},
  author={Offutt, A.J. and Untch, R.H.},
  booktitle={Mutation testing for the new century},
  pages={34--44},
  year={2001}
}

@article{OLR+96,
  author={Offutt, A.J. and Lee, A. and Rothermel, G. and Untch, R.H. and Zapf, C.},
  title={An experimental determination of sufficient mutant operators},
  journal={ACM Trans. Soft. Eng. Methodol.},
  volume={5},
  number={2},
  month={Apr.},
  year={1996},
  pages={99--118}
}

@phdthesis{Won93,
  author={Wong, W.E.},
  school={Purdue University},
  title={On Mutation and Data Flow},
  year={1993}
}

@book{Alp04,
  author={Alpaydin, E.},
  pages={445},
  title={Introduction to Machine Learning},
  publisher={The MIT Press},
  year={2004}
}

@article{CV95,
  author={Cortes, C. and Vapnik, V.},
  month={Sept.},
  number={3},
  pages={273--297},
  title={Support-Vector Networks},
  journal={Mach. Learn.},
  volume={20},
  year={1995}
}

@article{CL11,
 author={Chang, C.C. and Lin, C.J.},
 title={{LIBSVM}: A library for support vector machines},
 journal={ACM Trans. Intell. Syst. Technol. (TIST)},
 volume={2},
 issue={3},
 month={May},
 year={2011},
 pages={27:1--27:27},
 note= {Software available at \url{http://www.csie.ntu.edu.tw/~cjlin/libsvm}}
}

@article{SV99,
  title={Least squares support vector machine classifiers},
  author={Suykens, J.A.K. and Vandewalle, J.},
  journal={Neural processing letters},
  volume={9},
  number={3},
  pages={293--300},
  year={1999}
}

@techreport{PSV+02,
  title={{LS-SVMlab}: a {MATLAB}/{C} toolbox for least squares support vector machines},
  author={Pelckmans, K. and Suykens, J.A.K. and Van Gestel, T. and De Brabanter, J. and Lukas, L. and Hamers, B. and De Moor, B. and Vandewalle, J.},
  institution={ESAT-SISTA; K.U. Leuven},
  number={02-44},
  year={2002}
}

@incollection{Joa99,
  chapter={Making large-scale support vector machine learning practical},
  title={Advances in kernel methods},
  author={Joachims, T.},
  pages={169--184},
  year={1999},
  organization={MIT Press}
}

@inproceedings{SZ09,
  title={Javalanche: Efficient mutation testing for {Java}},
  author={Schuler, D. and Zeller, A.},
  booktitle={Proc. of the the 7th Joint Meeting of the European Soft. Eng. Conf. and the ACM SIGSOFT Symposium on The Foundations of Soft. Eng. (ESEC/FSE '09)},
  pages={297--298},
  year={2009}
}

@article{McCa76,
  author={McCabe, T.J.},
  journal={IEEE Trans. on Soft. Eng.},
  number={4},
  volume={2},
  pages={308--320},
  publisher={IEEE},
  title={A complexity measure},
  year={1976},
  month={Dec.}
}

@book{Kan02,
  author={Kan, S.H.},
  title={Metrics and Models in Software Quality Engineering},
  year={2002},
  publisher={Addison-Wesley Longman Publishing Co., Inc.},
  edition={2nd}
}

@book{Hend95,
  author={Henderson-Sellers, B.},
  title={Object-oriented metrics: measures of complexity},
  publisher={Prentice-Hall, Inc.},
  year={1996}
}

@misc{Metrics,
  howpublished={web page: \url{http://metrics2.sourceforge.net/}, (last accessed Mar. 1, 2012)},
  title={Eclipse {Metrics} Plugin}
}

@misc{EMMA,
  author={Roubtsov, V.},
  howpublished={web page: \url{http://emma.sourceforge.net/}, (last accessed Mar. 1, 2012)},
  title={{EMMA}: A free {Java} code coverage tool}
}

@article{KL05,
  author={Koru, A.G. and Liu, H.},
  journal={IEEE Soft.},
  title={Building effective defect-prediction models in practice},
  year={2005},
  month={Nov.--Dec.},
  volume={22},
  number={6},
  pages={23--29}
}

@article{GFS05,
  author={Gyimothy, T. and Ferenc, R. and Siket, I.},
  journal={IEEE Trans. of Soft. Eng.},
  title={Empirical validation of object-oriented metrics on open source software for fault prediction},
  year={2005},
  month={Oct.},
  volume={31},
  number={10},
  pages={897--910}
}

@inproceedings{MKPS00,
  author={Muthanna, S. and Kontogiannis K. and Ponnambalam, K. and Stacey, B.},
  booktitle={Proc. of the 7th Working Conf. on Reverse Eng. (WCRE 2000)},
  title={A maintainability model for industrial software systems using design level metrics},
  year={2000},
  pages={248--256}
}

@inproceedings{KM09,
  author={Kitchenham, B. and Mendes, E.},
  title={Why comparative effort prediction studies may be invalid},
  booktitle={Proc. of the 5th Int. Conf. on Predictor Models in Soft. Eng. (PROMISE '09)},
  year={2009},
  pages={4:1--4:5}
}

@article{SRD12,
  author={Shaik, A. and Reddy, C.R.K. and Damodaram, A.},
  title={Object Oriented Software Metrics and Quality Assessment: Current State of the Art},
  journal={Int. J. of Computer Applications},
  year={2012},
  volume={37},
  number={11},
  pages={6--15},
  month={Jan.}
}

@inproceedings{HWY09,
  author={Honglei, T. and Wei, S. and Yanan, Z.},
  booktitle={Proc. of Int. Forum on Computer Science-Technology and Applications (IFCSTA '09)},
  title={The Research on Software Metrics and Software Complexity Metrics},
  year={2009},
  month={Dec.},
  pages={131--136}
}

@techreport{RTI02,
  author={{Research Triangle Institute}},
  booktitle={Program Office Strategic Planning and Economic Group},
  month={May},
  pages={309},
  institution={National Institute of Standards and Technology, United States},
  title={The Economic Impacts of Inadequate Infrastructure for Software Testing. Planning Report 02-3},
  year={2002}
}

@article{WM95,
  title={Reducing the cost of mutation testing: An empirical study},
  author={Wong, W.E. and Mathur, A.P.},
  journal={J. of Systems and Soft.},
  volume={31},
  number={3},
  pages={185--196},
  month={Dec.},
  year={1995}
}

@article{ZHM97,
  title={Software unit test coverage and adequacy},
  author={Zhu, H. and Hall, P.A.V. and May, J.H.R.},
  journal={ACM Computing Surveys (CSUR)},
  volume={29},
  number={4},
  pages={366--427},
  year={1997},
  month={Dec.}
}

@article{ABLN06,
  author={Andrews, J.H. and Briand, L.C. and Labiche, Y. and Namin, A.S.},
  journal={IEEE Trans. on Soft. Eng.},
  title={Using Mutation Analysis for Assessing and Comparing Testing Coverage Criteria},
  year={2006},
  month={Aug.},
  volume={32},
  number={8},
  pages={608--624}
}

@inproceedings{NK11,
  author={Namin, A.S. and Kakarla, S.},
  title={The use of mutation in testing experiments and its sensitivity to external threats},
  booktitle={Proc. of the 2011 Int. Symposium on Soft. Testing and Analysis (ISSTA '11)},
  year={2011},
  pages={342--352}
}

@inproceedings{NAM08,
  title={Sufficient mutation operators for measuring test effectiveness},
  author={Namin, A.S. and Andrews, J.H. and Murdoch, D.J.},
  booktitle={Proc. of the 30th Int. Conf. on Soft. Eng.},
  pages={351--360},
  year={2008}
}

@article{GJ08,
  author={Gupta, A. and Jalote, P.},
  title={An approach for experimentally evaluating effectiveness and efficiency of coverage criteria for software testing},
  journal={Int. J. Soft. Tools Technology. Transfer (STTT).},
  volume={10},
  number={2},
  month={Feb.},
  year={2008},
  pages={145--160},
}

@inproceedings{NA09,
  author={Namin, A.S. and Andrews, J.H.},
  title={The influence of size and coverage on test suite effectiveness},
  booktitle={Proc. of the 18th Int. Symposium on Soft. Testing and Analysis (ISSTA '09)},
  year={2009},
  pages={57--68}
}

@inproceedings{Wey93,
  title={Can we measure software testing effectiveness?},
  author={Weyuker, E.J.},
  booktitle={Proc. of the 1st Int. Soft. Metrics Symposium},
  pages={100--107},
  year={1993}
}

@inproceedings{SZ08,
  title={Mutation-based testing of buffer overflow vulnerabilities},
  author={Shahriar, H. and Zulkernine, M.},
  booktitle={Proc. of the 2008 32nd Annual IEEE Int. Computer Soft. and Applications Conf. (COMPSAC '08)},
  pages={979--984},
  year={2008}
}

@inproceedings{SZ08a,
  author={Shahriar, H. and Zulkernine, M.},
  title={{MUTEC}: Mutation-based testing of Cross Site Scripting},
  booktitle={Proc. of the 2009 ICSE Work. on Soft. Eng. for Secure Systems (IWSESS '09)},
  year={2009},
  pages={47--53}
}

@inproceedings{SZ08b,
  author={Shahriar, H. and Zulkernine, M.},
  booktitle={Proc. of the 2008 The 8th Int. Conf. on Quality Soft.},
  title={{MUSIC}: Mutation-based {SQL} Injection Vulnerability Checking},
  year={2008},
  month={Aug.},
  pages={77--86}
}

@inproceedings{BDLS80,
  title={Theoretical and empirical studies on using program mutation to test the functional correctness of programs},
  author={Budd, T. A. and DeMillo, R.A. and Lipton, R.J. and Sayward, F.G.},
  booktitle={Proc. of the 7th ACM SIGPLAN-SIGACT Symposium on Principles of Programming Languages (POPL '80},
  pages={220--233},
  year={1980}
}

@inproceedings{PO10,
 author={Praphamontripong, U. and Offutt, J.},
 title={Applying Mutation Testing to Web Applications},
 booktitle={Proc. of the 2010 3rd Int. Conf. on Soft. Testing, Verification, and Validation Work. (ICSTW '10)},
 year={2010},
 pages={132--141}
}

@techreport{ABD+79,
  title={Mutation Analysis},
  author={Acree, A.T. and Budd, T.A. and DeMillo, R.A. and Lipton, R.J. and Sayward, F.G.},
  institution={School of Information and Computer Science, Georgia Institute of Technology},
  year={1979},
  number={GIT-ICS-79/08},
  month={Sep.}
}

@article{Off92,
  author={Offutt, A.J.},
  title={Investigations of the Software Testing Coupling Effect},
  journal={ACM Trans. on Soft. Eng. and Methodology (TOSEM)},
  year={1992},
  month={Jan.},
  volume={1},
  number={1},
  pages={5-20}
}

@inproceedings{SZ10,
  title={{(Un-)}Covering Equivalent Mutants},
  author={Schuler, D. and Zeller, A.},
  year={2010},
  month={Apr.},
  booktitle={Proc. of the 3rd Int. Conf. on Soft. Testing, Verification and Validation (ICST~~'10)},
  pages={45--54}
}

@article{OC94,
  title={Using compiler optimization techniques to detect equivalent mutants},
  author={Offutt, A.J. and Craft, W.M.},
  journal={Software Testing, Verification and Reliability},
  volume={4},
  number={3},
  pages={131--154},
  year={1994}
}

@misc{MO05a,
  title={Description of method-level mutation operators for {Java}},
  author={Ma, Y.S. and Offutt, J.},
  month={Nov.},
  howpublished={web page: \url{http://cs.gmu.edu/~offutt/mujava/mutopsMethod.pdf}, (last accessed Jun. 11, 2012)},
  year={2005}
}

@misc{MO05b,
  title={Description of class mutation mutation operators for {Java}},
  author={Ma, Y.S. and Offutt, J.},
  month={Nov.},
  howpublished={web page: \url{http://cs.gmu.edu/~offutt/mujava/mutopsClass.pdf}, (last accessed Jun. 11, 2012)},
  year={2005}
}

@article{MOK05,
  title={{MuJava}: an automated class mutation system},
  author={Ma, Y.S. and Offutt, J. and Kwon, Y.R.},
  journal={Software Testing, Verification and Reliability},
  volume={15},
  number={2},
  pages={97--133},
  year={2005}
}

@inproceedings{SDZ09,
  title={Efficient mutation testing by checking invariant violations},
  author={Schuler, D. and Dallmeier, V. and Zeller, A.},
  year={2009},
  month={Jul.},
  booktitle={Proc. of the 18th Int. Symposium on Soft. Testing and Analysis (ISSTA '09)},
  pages={69--80}
}

@phdthesis{Bud80,
  author={Budd, T.A.},
  title={Mutation Analysis of Program Test Data},
  school={Yale University},
  year={1980},
  type={{Ph.D. Thesis}}
}

@article{UOH93,
  title={Mutation analysis using mutant schemata},
  author={Untch, R.H. and Offutt, A.J. and Harrold, M.J.},
  journal={ACM SIGSOFT Soft. Eng. Notes},
  volume={18},
  number={3},
  pages={139--148},
  year={1993}
}

@article{OMK04,
  author={Offutt, A.J. and Ma, Y.S. and Kwon, Y.R.},
  title={An Experimental Mutation System for {Java}},
  journal={ACM SIGSOFT Soft. Eng. Notes},
  year={2004},
  month={Sep.},
  volume={29},
  number={5},
  pages={1--4}
}

@article{MR10,
  title={{Judy} -- a mutation testing tool for {Java}},
  author={Madeyski, L. and Radyk, N.},
  journal={IET Software},
  volume={4},
  number={1},
  pages={32--42},
  month={Feb.},
  year={2010}
}

@misc{PIT,
  author={Coles, H.},
  howpublished={web page: \url{http://pitest.org/}, (last accessed May 18, 2012)},
  title={{PIT} Mutation Testing}
}

@misc{Jester,
  author={Moore, I.},
  howpublished={web page: \url{http://jester.sourceforge.net/}, (last accessed May 18, 2012)},
  title={Jester}
}

@misc{Jumble,
  howpublished={web page: \url{http://jumble.sourceforge.net/}, (last accessed May 18, 2012)},
  title={Jumble}
}

@misc{JUnit,
  author={Beck, K.},
  howpublished={web page: \url{http://www.junit.org/}, (last accessed May 18, 2012)},
  title={{JUnit}}
}

@book{WFH11,
  title={Data Mining: Practical machine learning tools and techniques},
  author={Witten, I.H. and Frank, E. and Hall, M.A.},
  year={2011},
  publisher={Morgan Kaufmann Publishers Inc.},
  edition={3rd}
}

@inproceedings{Her03,
  title={Machine learning for computer graphics: A manifesto and tutorial},
  author={Hertzmann, A.},
  booktitle={Proc. of the 11th Pacific Conf. on Computer Graphics and Applications},
  pages={22--36},
  year={2003}
}

@article{OLP08,
  title={Machine learning methods without tears: a primer for ecologists},
  author={Olden, J.D. and Lawler, J.J. and Poff, N.L.R.},
  journal={The Quarterly review of biology},
  volume={83},
  number={2},
  pages={171--193},
  year={2008}
}

@article{Her00,
  title={A machine learning approach to workflow management},
  author={Herbst, J.},
  journal={Proc. of the 11th European Conf. on Machine Learning (ECML '00)},
  pages={183--194},
  year={2000}
}

@article{Kon01,
  title={Machine learning for medical diagnosis: history, state of the art and perspective},
  author={Kononenko, I.},
  journal={Artificial Intelligence in medicine},
  volume={23},
  number={1},
  pages={89--109},
  year={2001}
}

@inproceedings{BL07,
  title={The {Netflix} prize},
  author={Bennett, J. and Lanning, S.},
  booktitle={Proceedings of KDD Cup and Workshop},
  volume={2007},
  pages={3--6},
  year={2007}
}

@techreport{Gun98,
  title={Support vector machines for classification and regression},
  author={Gunn, S.R.},
  institution={University of Southampton},
  year={1998}
}

@book{Goo93,
  author={Goodman, P.},
  title={The Practical Implementation of Software Metrics},
  publisher={McGraw-Hill},
  year={1993}
}

@book{FP98,
  author={Fenton, N.E. and Pfleeger, S.L.},
  title={Software Metrics: A Rigorous and Practical Approach},
  publisher={International Thomson Computer Press},
  year={1998},
  edition={2nd}
}

@article{SS08,
  author={Singh, P. and Singh, H.},
  title={{DynaMetrics}: a runtime metric-based analysis tool for object-oriented software systems},
  journal={SIGSOFT Soft. Eng. Notes},
  volume={33},
  number={6},
  month={Nov.},
  year={2008},
  pages={1--6}
}

@article{CK94,
  title={A metrics suite for object oriented design},
  author={Chidamber, S.R. and Kemerer, C.F.},
  journal={IEEE Trans. on Soft. Eng.},
  volume={20},
  number={6},
  pages={476--493},
  year={1994},
  month={Jun}
}

@inproceedings{AC94,
  title={Object-oriented software engineering: Measuring and controlling the development process},
  author={Abreu, F.B. and Carapu{\c{c}}a, R.},
  booktitle={Proc. of the 4th Int. Conf. on Soft. Quality},
  year={1994}
}

@article{HFH+09,
  title={The {WEKA} data mining software: an update},
  author={Hall, M. and Frank, E. and Holmes, G. and Pfahringer, B. and Reutemann, P. and Witten, I.H.},
  journal={ACM SIGKDD Explorations Newsletter},
  volume={11},
  number={1},
  pages={10--18},
  year={2009},
  month={Nov.}
}

@article{SRH+10,
  author={Sonnenburg, S. and R{\"a}tsch, G. and Henschel, S. and Widmer, C. and Behr, J. and Zien, A. and Bona, F. and Binder, A. and Gehl, C. and Franc, V.},
  title={The {SHOGUN} Machine Learning Toolbox},
  journal={J. of Machine Learning Research},
  volume={99},
  month={Aug.},
  year={2010},
  pages={1799--1802}
}

@inproceedings{Koh95,
  author={Kohavi, R.},
  title={A study of cross-validation and bootstrap for accuracy estimation and model selection},
  booktitle={Proc. of the 14th Int. Joint Conf. on Artificial Intelligence (IJCAI '95)},
  year={1995},
  pages={1137--1143}
}

@book{FB99,
  title={Refactoring: improving the design of existing code},
  author={Fowler, M. and Beck, K.},
  publisher={Addison-Wesley Longman Publishing Co., Inc.},
  year={1999}
}

@misc{logback,
  howpublished={web page: \url{http://logback.qos.ch/}, (last accessed Jun. 11, 2012)},
  title={{Logback}}
}

@misc{barbecue,
  howpublished={web page: \url{http://barbecue.sourceforge.net/}, (last accessed Jun. 11, 2012)},
  title={{Barbecue}}
}

@misc{jgap,
  title={{JGAP} -- {Java} Genetic Algorithms and Genetic Programming Package},
  howpublished={web page: \url{http://jgap.sourceforge.net/}, (last accessed Jun. 11, 2012)}
}

@misc{commons-lang,
  howpublished={web page: \url{http://commons.apache.org/lang/}, (last accessed Jun. 11, 2012)},
  title={{Apache Commons Lang}}
}

@misc{joda-time,
  howpublished={web page: \url{http://joda-time.sourceforge.net/}, (last accessed Jun. 11, 2012)},
  title={{Joda-Time}}
}

@misc{openfast,
  howpublished={web page: \url{http://www.openfast.org/}, (last accessed Jun. 11, 2012)},
  title={{OpenFAST}}
}

@misc{jsoup,
  howpublished={web page: \url{http://jsoup.org/}, (last accessed Jun. 11, 2012)},
  title={{jsoup}}
}

@misc{joda-primitives,
  howpublished={web page: \url{http://joda-primitives.sourceforge.net/}, (last accessed Jun. 11, 2012)},
  title={{Joda-Primitives}}
}

@article{BVSF04,
  title={The imbalanced training sample problem: Under or over sampling?},
  author={Barandela, R. and Valdovinos, R. and Sanchez, J. and Ferri, F.},
  journal={Structural, Syntactic, and Statistical Pattern Recognition},
  pages={806--814},
  year={2004}
}

@inproceedings{Jap00,
  title={The class imbalance problem: Significance and strategies},
  author={Japkowicz, N.},
  booktitle={Proc. of the 2000 Int. Conf. on Artificial Intelligence (ICAI '00)},
  volume={1},
  pages={111--117},
  year={2000}
}

@article{AKJ04,
  title={Applying support vector machines to imbalanced datasets},
  author={Akbani, R. and Kwek, S. and Japkowicz, N.},
  journal={Proc. of the 11th European Conf. on Machine Learning (ECML '04)},
  pages={39--50},
  year={2004}
}

@article{BPM04,
  title={A study of the behavior of several methods for balancing machine learning training data},
  author={Batista, G.E. and Prati, R.C. and Monard, M.C.},
  journal={ACM SIGKDD Explorations Newsletter},
  volume={6},
  number={1},
  pages={20--29},
  year={2004},
  month={Jun.}
}

@techreport{HCL03,
  title={A practical guide to support vector classification},
  year={2003},
  author={Hsu, C.W. and Chang, C.C. and Lin, C.J.},
  institution={National Taiwan University}
}

@article{SJS06,
  title={Beyond accuracy, f-score and roc: a family of discriminant measures for performance evaluation},
  author={Sokolova, M. and Japkowicz, N. and Szpakowicz, S.},
  journal={AI 2006: Advances in Artificial Intelligence},
  pages={1015--1021},
  year={2006}
}

@inproceedings{BOSB10,
  title={The balanced accuracy and its posterior distribution},
  author={Brodersen, K.H. and Ong, C.S. and Stephan, K.E. and Buhmann, J.M.},
  booktitle={Proc. of the 2010 20th Int. Conf. on Pattern Recognition (ICPR '10)},
  pages={3121--3124},
  year={2010}
}

@article{BW10,
  title={A user's guide to support vector machines},
  author={Ben-Hur, A. and Weston, J.},
  journal={Methods in Molecular Biology},
  volume={609},
  pages={223--239},
  year={2010}
}

@phdthesis{Hal99,
  title={Correlation-based feature selection for machine learning},
  author={Hall, M.A.},
  year={1999},
  school={The University of Waikato}
}

@article{BL97,
  title={Selection of relevant features and examples in machine learning},
  author={Blum, A.L. and Langley, P.},
  journal={Artificial intelligence},
  volume={97},
  number={1-2},
  pages={245--271},
  year={1997}
}

@article{KJ97,
  title={Wrappers for feature subset selection},
  author={Kohavi, R. and John, G.H.},
  journal={Artificial intelligence},
  volume={97},
  number={1-2},
  pages={273--324},
  year={1997}
}

@article{GE03,
  title={An introduction to variable and feature selection},
  author={Guyon, I. and Elisseeff, A.},
  journal={The J. of Machine Learning Research},
  volume={3},
  pages={1157--1182},
  year={2003}
}

@inproceedings{JKP94,
  title={Irrelevant features and the subset selection problem},
  author={John, G.H. and Kohavi, R. and Pfleger, K.},
  booktitle={Proc. of the 11th Int. Conf. on Machine Learning},
  volume={129},
  pages={121--129},
  year={1994}
}

@inproceedings{KR92,
  title={The feature selection problem: Traditional methods and a new algorithm},
  author={Kira, K. and Rendell, L.A.},
  booktitle={Proceedings of the 10th National Conf. on Artificial Intelligence (AAAI '92)},
  pages={129--129},
  year={1992}
}

@inproceedings{AD91,
  title={Learning with many irrelevant features},
  author={Almuallim, H. and Dietterich, T.G.},
  booktitle={Proceedings of the 9th National Conf. on Artificial intelligence (AAAI '91)},
  volume={2},
  pages={547--552},
  year={1991}
}

@book{WRH+00,
  author={Wohlin, C. and Runeson, P. and H\"{o}st, M. and Ohlsson, M.C. and Regnell, B. and Wessl{\'e}n, A.},
  title={Experimentation in software engineering: an introduction},
  publisher={Kluwer Academic Publishers},
  year={2000},
}

@inproceedings{WKP10,
  author={Wright, H.K. and Kim, M. and Perry, D.E.},
  title={Validity concerns in software engineering research},
  booktitle={Proc. of the FSE/SDP Work. on Future of Soft. Eng. research (FoSER '10)},
  year={2010},
  pages={411--414}
}

@inproceedings{ABL05,
  author={Andrews, J. H. and Briand, L. C. and Labiche, Y.},
  title={Is mutation an appropriate tool for testing experiments?},
  booktitle={Proc. of the 27th Int Conf. on Soft. Eng. (ICSE '05)},
  year={2005},
  month={May},
  pages={402--411}
}

@article{Fen94,
  author={Fenton, N.},
  journal={IEEE Trans. on Soft. Eng.},
  title={Software measurement: a necessary scientific basis},
  year={1994},
  month={Mar.},
  volume={20},
  number={3},
  pages={199--206},
}

@inproceedings{NBP08,
  author={Nguyen, G.H. and Bouzerdoum, A. and Phung, S.L.},
  booktitle={IEEE 2008 Int. Joint Conf. on Neural Networks (IJCNN '08)},
  title={Efficient supervised learning with reduced training exemplars},
  year={2008},
  month={Jun.},
  pages={2981--2987}
}

@inproceedings{PJO99,
  author={Provost, F. and Jensen, D. and Oates, T.},
  title={Efficient progressive sampling},
  booktitle={Proc. of the 5th ACM SIGKDD Int. Conf. on Knowledge Discovery and Data Mining (KDD '99)},
  year={1999},
  pages={23--32}
} 

@inproceedings{WNC05,
  author={Wang, J. and Neskovic, P. and Cooper, L.N.},
  title={Training data selection for support vector machines},
  booktitle={Proc. of the 1st Int. Conf. on Advances in Natural Computation - Volume Part I (ICNC '05)},
  year={2005},
  pages={554--564}
}

@mastersthesis{Ino12,
  title={Predicting Test Suite Effectiveness for {Java} Programs},
  author={Inozemtseva, L.M.M.L.},
  year={2012},
  school={University of Waterloo}
}

@inproceedings{AMM95,
  author={Anderson, C. and Mayrhauser, A.von and Mraz, R.T.},
  title={On the Use of Neural Networks to Guide Software Testing Activities},
  booktitle={Proc. of the IEEE Int. Test Conf.},
  year={1995},
  pages={720--729}
}

@article{WDC10,
  author={Wong, W.E. and Debroy, V. and Choi, B.},
  title={A family of code coverage-based heuristics for effective fault localization},
  journal={J. Syst. Softw.},
  volume={83},
  number={2},
  month={Feb.},
  year={2010},
  pages={188--208}
}

@inproceedings{NWVO05,
  author={Nagappan, N. and Williams, L. and Vouk, M. and Osborne, J.},
  title={Early estimation of software quality using in-process testing metrics: a controlled case study},
  booktitle={Proceedings of the third workshop on Software quality},
  year={2005},
  pages={1--7},
}

@inproceedings{NWO+05,
  author={Nagappan, N. and Williams, L. and Osborne, J. and Vouk, M. and Abrahamsson, P.},
  title={Providing Test Quality Feedback Using Static Source Code and Automatic Test Suite Metrics},
  booktitle={Proceedings of the 16th IEEE International Symposium on Software Reliability Engineering (ISSRE '05)},
  year={2005},
  pages={85--94}
}

@inproceedings{NBZ06,
  author={Nagappan, N. and Ball, T. and Zeller, A.},
  title={Mining metrics to predict component failures},
  booktitle={Proceedings of the 28th international conference on Software engineering (ICSE '06)},
  year={2006},
  pages={452--461}
}
